<record xmlns:xsi="http://www.w3.org/2001/XMLSchema-instance" xmlns="http://www.loc.gov/MARC21/slim" xsi:schemaLocation="http://www.loc.gov/MARC21/slim http://www.loc.gov/standards/marcxml/schema/MARC21slim.xsd">

  <leader>00453nam a2200145Ia 4500</leader>
  <datafield tag="999" ind1=" " ind2=" ">
    <subfield code="c">2035</subfield>
    <subfield code="d">2035</subfield>
  </datafield>
  <controlfield tag="008">180716b2000    us ||||| |||| 00| | e   d</controlfield>
  <datafield tag="090" ind2=" " ind1=" ">
    <subfield code="a">08.15.02 </subfield>
    <subfield code="b">1062</subfield>
  </datafield>
  <datafield tag="110" ind2=" " ind1=" ">
    <subfield code="a">Macromedia Inc.</subfield>
    <subfield code="9">4071</subfield>
  </datafield>
  <datafield ind2="0" ind1="1" tag="245">
    <subfield code="a">Macromedia Generator 2 Developer Edition: Using Generator / </subfield>
    <subfield code="c">Macromedia Inc.</subfield>
  </datafield>
  <datafield ind2=" " ind1=" " tag="260">
    <subfield code="a">California: </subfield>
    <subfield code="b">Macromedia Inc., </subfield>
    <subfield code="c">2000</subfield>
  </datafield>
  <datafield ind1=" " ind2=" " tag="300">
    <subfield code="a">128 páginas</subfield>
  </datafield>
  <datafield ind2="4" ind1="1" tag="650">
    <subfield code="a">PROGRAMAS DE COMPUTADORA</subfield>
    <subfield code="9">1302</subfield>
  </datafield>
  <datafield ind1="1" ind2="4" tag="650">
    <subfield code="a">MANUALES </subfield>
    <subfield code="9">426</subfield>
  </datafield>
  <datafield ind1=" " ind2=" " tag="942">
    <subfield code="2">z</subfield>
    <subfield code="c">01</subfield>
  </datafield>
</record>